<?xml version="1.0" encoding="UTF-8"?><collection xmlns="http://www.loc.gov/MARC21/slim"><record><leader>00548nam--2200181-i-4500</leader><controlfield tag="001">000023645</controlfield><controlfield tag="002">20161230</controlfield><controlfield tag="005">20161230201035</controlfield><controlfield tag="008">060222s1000------------r-----000-0-ger-d</controlfield><datafield ind1=" " ind2=" " tag="040"><subfield code="a">IFIN-HH</subfield></datafield><datafield ind1=" " ind2=" " tag="041"><subfield code="a">ger</subfield></datafield><datafield ind1=" " ind2=" " tag="080"><subfield code="a">541:541.1</subfield></datafield><datafield ind1="1" ind2=" " tag="100"><subfield code="a">Hoff, J.H.Van`T</subfield></datafield><datafield ind1="1" ind2="0" tag="245"><subfield code="a">Vorlesungen uber theoretische und physikalische chemie. erstes heft die chemische dynamik</subfield><subfield code="c">J.h.van`t. hoff</subfield></datafield><datafield ind1=" " ind2=" " tag="260"><subfield code="a">Braunschweig</subfield><subfield code="b">Druck Und Verlag Von Friedrich Vieweg Und Sohn</subfield><subfield code="c">1898</subfield></datafield><datafield ind1=" " ind2=" " tag="300"><subfield code="a">XI + 252P</subfield></datafield><datafield ind1=" " ind2=" " tag="852"><subfield code="a">44425</subfield><subfield code="c">H.H</subfield></datafield><datafield ind1=" " ind2=" " tag="CAT"><subfield code="a">Sys</subfield><subfield code="c">20130403</subfield><subfield code="h">151906</subfield></datafield></record></collection>